<?xml version="1.0" encoding="UTF-8"?><collection xmlns="http://www.loc.gov/MARC21/slim"><record><leader>00516nam--2200181-i-4500</leader><controlfield tag="001">000013807</controlfield><controlfield tag="002">20161230</controlfield><controlfield tag="005">20170112235303</controlfield><controlfield tag="008">060222s1000------------r-----000-0-eng-d</controlfield><datafield ind1=" " ind2=" " tag="080"><subfield code="a">551.5</subfield></datafield><datafield ind1=" " ind2=" " tag="100"><subfield code="a">Baur, Franz</subfield></datafield><datafield ind1=" " ind2=" " tag="245"><subfield code="a">Meteorologisches taschenbuch</subfield></datafield><datafield ind1=" " ind2=" " tag="250"><subfield code="a">Neue ausgable 2 auflage. Mit 48 abbildungen und 28 tabel len</subfield></datafield><datafield ind1=" " ind2=" " tag="260"><subfield code="a">Leipzig</subfield><subfield code="b">Akademische Velagsgesellsahaft Geest And Portig</subfield><subfield code="c">1962</subfield></datafield><datafield ind1=" " ind2=" " tag="300"><subfield code="a">VI + 806 p</subfield></datafield><datafield ind1=" " ind2=" " tag="700"><subfield code="a">Linke, Franz</subfield></datafield><datafield ind1=" " ind2=" " tag="852"><subfield code="a">47686</subfield></datafield><datafield ind1=" " ind2=" " tag="CAT"><subfield code="a">SYS</subfield><subfield code="c">20170112</subfield><subfield code="h">235303</subfield></datafield></record></collection>